<?xml version="1.0" encoding="UTF-8"?>
<OAI-PMH xmlns="http://www.openarchives.org/OAI/2.0/" xmlns:xsi="http://www.w3.org/2001/XMLSchema-instance" xsi:schemaLocation="http://www.openarchives.org/OAI/2.0/ http://www.openarchives.org/OAI/2.0/OAI-PMH.xsd">
  <ListRecords>
    <record>
      <header>
        <identifier>aleph-publish:001100110</identifier>
      </header>
      <metadata>
        <record xmlns="http://www.ddb.de/professionell/mabxml/mabxml-1.xsd">
          <leader>00000nM2.01200024------h</leader>
          <controlfield tag="LDR">00000nM2.01200024------h</controlfield>
          <controlfield tag="FMT">MH</controlfield>
          <datafield tag="001" ind1="-" ind2="1">
            <subfield code="a">TT050317930</subfield>
          </datafield>
          <datafield tag="002" ind1="a" ind2="1">
            <subfield code="a">20071125</subfield>
          </datafield>
          <datafield tag="003" ind1="-" ind2="1">
            <subfield code="a">20130207</subfield>
          </datafield>
          <datafield tag="004" ind1="-" ind2="1">
            <subfield code="a">20070126</subfield>
          </datafield>
          <datafield tag="020" ind1="b" ind2="1">
            <subfield code="a">NLM003124495</subfield>
            <subfield code="b">GBV-NLZ</subfield>
          </datafield>
          <datafield tag="025" ind1="-" ind2="1">
            <subfield code="a">ocm24535845</subfield>
          </datafield>
          <datafield tag="026" ind1="-" ind2="1">
            <subfield code="a">GBVNLM003124495</subfield>
          </datafield>
          <datafield tag="026" ind1="h" ind2="1">
            <subfield code="a">NLM003124495</subfield>
          </datafield>
          <controlfield tag="030">d|1uk||z|0017</controlfield>
          <datafield tag="037" ind1="b" ind2="1">
            <subfield code="a">fre</subfield>
          </datafield>
          <controlfield tag="050">||||||||g|||||</controlfield>
          <controlfield tag="051">m|||||||</controlfield>
          <datafield tag="070" ind1="-" ind2="1">
            <subfield code="a">GBV</subfield>
          </datafield>
          <datafield tag="070" ind1="a" ind2="1">
            <subfield code="a">GBV</subfield>
          </datafield>
          <datafield tag="078" ind1="e" ind2="1">
            <subfield code="a">ZDB-1-MME</subfield>
            <subfield code="a">NLZ</subfield>
          </datafield>
          <datafield tag="100" ind1="-" ind2="1">
            <subfield code="a">Latour, Charles-Jean-Baptiste &lt;&lt;des Galois de&gt;&gt;</subfield>
          </datafield>
          <datafield tag="104" ind1="b" ind2="1">
            <subfield code="a">Bérulle, Amable-Pierre-Thomas &lt;&lt;de&gt;&gt;</subfield>
          </datafield>
          <datafield tag="200" ind1="c" ind2="1">
            <subfield code="a">France / Parlement (Aix-en-Provence)</subfield>
          </datafield>
          <datafield tag="204" ind1="c" ind2="1">
            <subfield code="a">France / Parlement (Grenoble)</subfield>
          </datafield>
          <datafield tag="331" ind1="a" ind2="1">
            <subfield code="a">Lettre écrite à M. le contrôleur-général, le 8 juillet 1768</subfield>
          </datafield>
          <datafield tag="334" ind1="-" ind2="1">
            <subfield code="a">Elektronische Ressource</subfield>
          </datafield>
          <datafield tag="359" ind1="-" ind2="1">
            <subfield code="a">par M. De la Tour, premier président du Parlement de Provence. Lettre écrite à M. le controleur-général, le 13 juin 1768</subfield>
          </datafield>
          <datafield tag="359" ind1="-" ind2="1">
            <subfield code="a">par M. de Bérulle, premier président du Parlement de Grenoble</subfield>
          </datafield>
          <datafield tag="410" ind1="-" ind2="1">
            <subfield code="a">S.l.</subfield>
          </datafield>
          <datafield tag="412" ind1="-" ind2="1">
            <subfield code="a">s.n</subfield>
          </datafield>
          <datafield tag="425" ind1="-" ind2="1">
            <subfield code="a">[1768]</subfield>
          </datafield>
          <datafield tag="425" ind1="a" ind2="1">
            <subfield code="a">1768</subfield>
          </datafield>
          <datafield tag="433" ind1="-" ind2="1">
            <subfield code="a">8 p.</subfield>
          </datafield>
          <datafield tag="501" ind1="-" ind2="1">
            <subfield code="a">Goldsmiths'-Kress no. 10428. - Higgs, H. Bibl. of economics, 4371. - No collective t.p. Titles transcribed from individual caption titles. - OCLC, 24535845. - Reproduction of original from Goldsmiths' Library, University of London</subfield>
          </datafield>
          <datafield tag="611" ind1="u" ind2="1">
            <subfield code="a">Farmington Hills, Mich</subfield>
          </datafield>
          <datafield tag="613" ind1="u" ind2="1">
            <subfield code="a">Thomson Gale</subfield>
          </datafield>
          <datafield tag="621" ind1="b" ind2="1">
            <subfield code="a">The Making of the Modern World</subfield>
          </datafield>
          <datafield tag="622" ind1="z" ind2="1">
            <subfield code="a">22382495</subfield>
          </datafield>
          <datafield tag="645" ind1="-" ind2="1">
            <subfield code="a">Available via the World Wide Web</subfield>
          </datafield>
          <datafield tag="652" ind1="a" ind2="1">
            <subfield code="a">Online-Ressource</subfield>
          </datafield>
          <datafield tag="655" ind1="e" ind2="1">
            <subfield code="u">http://galenet.galegroup.com/servlet/MOME?af=RN&amp;ae=U101344085&amp;srchtp=a&amp;ste=14</subfield>
          </datafield>
          <datafield tag="659" ind1="-" ind2="1">
            <subfield code="a">Sofern kein Zugang über ein Universitätsnetz zur Verfügung steht, kann eine Registrierung zur kostenlosen Nutzung erfolgen: http://www.nationallizenzen.de</subfield>
          </datafield>
          <datafield tag="740" ind1="s" ind2="1">
            <subfield code="a">Central-local government relations</subfield>
            <subfield code="z">France</subfield>
          </datafield>
          <datafield tag="740" ind1="s" ind2="1">
            <subfield code="a">Grain trade</subfield>
            <subfield code="x">Law and legislation</subfield>
            <subfield code="z">France</subfield>
          </datafield>
          <datafield tag="740" ind1="g" ind2="1">
            <subfield code="a">France</subfield>
            <subfield code="x">Economic conditions</subfield>
            <subfield code="y">18th century</subfield>
          </datafield>
          <controlfield tag="SYS">001100110</controlfield>
        </record>
      </metadata>
    </record>
  </ListRecords>
</OAI-PMH>
